@book{Gonzalez2018DIP,
    author       = {Rafael C. Gonzalez and Richard E. Woods},
    title        = {Digital Image Processing},
    edition      = {4},
    publisher    = {Pearson},
    year         = {2018},
    isbn         = {978-0133356724}
}